<?xml version="1.0" encoding="UTF-8"?><collection xmlns="http://www.loc.gov/MARC21/slim"><record><leader>00616nam--2200181-i-4500</leader><controlfield tag="001">000049177</controlfield><controlfield tag="002">20161230</controlfield><controlfield tag="005">20161230201047</controlfield><controlfield tag="008">060222s1000------------r-----000-0-eng-d</controlfield><datafield ind1=" " ind2=" " tag="040"><subfield code="a">IFIN-HH</subfield></datafield><datafield ind1=" " ind2=" " tag="080"><subfield code="a">53.07:51</subfield></datafield><datafield ind1="1" ind2=" " tag="100"><subfield code="a">Parsegian, V.Lawrence</subfield></datafield><datafield ind1="1" ind2="0" tag="245"><subfield code="a">Laboratory and mathematics. supplement to introduction to natural science, part i: the physical sciences</subfield><subfield code="c">V.l. pargesian, alan s. meltzer, abraham s. luchins, k. scott kinerson, edith h. luchins</subfield></datafield><datafield ind1=" " ind2=" " tag="260"><subfield code="a">New York</subfield><subfield code="b">Academic Press</subfield><subfield code="c">1968</subfield></datafield><datafield ind1=" " ind2=" " tag="300"><subfield code="a">VII+205P</subfield></datafield><datafield ind1="1" ind2=" " tag="700"><subfield code="a">Luchins, Edith H</subfield></datafield><datafield ind1=" " ind2=" " tag="852"><subfield code="a">29442</subfield><subfield code="c">53</subfield></datafield><datafield ind1=" " ind2=" " tag="CAT"><subfield code="a">Sys</subfield><subfield code="c">20150219</subfield><subfield code="h">144940</subfield></datafield></record></collection>